@ARTICLE{Vajpeyi:2021:arXiva,
       author = {{Vajpeyi}, Avi and {Thrane}, Eric and {Smith}, Rory and {McKernan}, Barry and {Ford}, K.~E. Saavik},
        title = "{Measuring the properties of active galactic nuclei disks with gravitational waves}",
      journal = {arXiv e-prints},
     keywords = {General Relativity and Quantum Cosmology, Astrophysics - High Energy Astrophysical Phenomena},
         year = 2021,
        month = nov,
          eid = {arXiv:2111.03992},
        pages = {arXiv:2111.03992},
archivePrefix = {arXiv},
       eprint = {2111.03992},
 primaryClass = {gr-qc},
       adsurl = {https://ui.adsabs.harvard.edu/abs/2021arXiv211103992V},
      adsnote = {Provided by the SAO/NASA Astrophysics Data System}
}

@ARTICLE{Vajpeyi:2021:arXivb,
       author = {{Vajpeyi}, Avi and {Smith}, Rory and {Thrane}, Eric and {Ashton}, Gregory and {Alford}, Thomas and {Garza}, Sierra and {Isi}, Maximiliano and {Kanner}, Jonah and {Massinger}, T.~J. and {Xiao}, Liting},
        title = "{A search for intermediate-mass black holes mergers in the second LIGO--Virgo observing run with the Bayes Coherence Ratio}",
      journal = {arXiv e-prints},
     keywords = {General Relativity and Quantum Cosmology, Astrophysics - High Energy Astrophysical Phenomena, Physics - Data Analysis, Statistics and Probability},
         year = 2021,
        month = jul,
          eid = {arXiv:2107.12109},
        pages = {arXiv:2107.12109},
archivePrefix = {arXiv},
       eprint = {2107.12109},
 primaryClass = {gr-qc},
       adsurl = {https://ui.adsabs.harvard.edu/abs/2021arXiv210712109V},
      adsnote = {Provided by the SAO/NASA Astrophysics Data System}
}

