@ARTICLE{Vajpeyi:2021:arXiva,
       author = {{Vajpeyi}, Avi and {Thrane}, Eric and {Smith}, Rory and {McKernan}, Barry and {Ford}, K.~E. Saavik},
        title = "{Measuring the properties of active galactic nuclei disks with gravitational waves}",
      journal = {arXiv e-prints},
     keywords = {General Relativity and Quantum Cosmology, Astrophysics - High Energy Astrophysical Phenomena},
         year = 2021,
        month = nov,
        %   eid = {arXiv:2111.03992},
        % pages = {arXiv:2111.03992},
archivePrefix = {arXiv},
       eprint = {2111.03992},
 primaryClass = {gr-qc},
       adsurl = {https://ui.adsabs.harvard.edu/abs/2021arXiv211103992V},
      adsnote = {Provided by the SAO/NASA Astrophysics Data System}
}

@MISC{Williams:2021:zndo,
       author = {{Williams}, Daniel and {Macleod}, Duncan and {Vajpeyi}, Avi and {Clark}, James},
        title = "{transientlunatic/asimov: v0.3.2}",
         year = 2021,
        month = jul,
          eid = {10.5281/zenodo.5142601},
          doi = {10.5281/zenodo.5142601},
      version = {v0.3.2},
    publisher = {Zenodo},
       adsurl = {https://ui.adsabs.harvard.edu/abs/2021zndo...5142601W},
      adsnote = {Provided by the SAO/NASA Astrophysics Data System}
}

@ARTICLE{Vajpeyi:2021:arXivb,
       author = {{Vajpeyi}, Avi and {Smith}, Rory and {Thrane}, Eric and {Ashton}, Gregory and {Alford}, Thomas and {Garza}, Sierra and {Isi}, Maximiliano and {Kanner}, Jonah and {Massinger}, T.~J. and {Xiao}, Liting},
        title = "{A search for intermediate-mass black holes mergers in the second LIGO--Virgo observing run with the Bayes Coherence Ratio}",
      journal = {arXiv e-prints},
     keywords = {General Relativity and Quantum Cosmology, Astrophysics - High Energy Astrophysical Phenomena, Physics - Data Analysis, Statistics and Probability},
         year = 2021,
        month = jul,
        %   eid = {arXiv:2107.12109},
        % pages = {arXiv:2107.12109},
archivePrefix = {arXiv},
       eprint = {2107.12109},
 primaryClass = {gr-qc},
       adsurl = {https://ui.adsabs.harvard.edu/abs/2021arXiv210712109V},
      adsnote = {Provided by the SAO/NASA Astrophysics Data System}
}

@ARTICLE{McKernan:2021:arXiv,
       author = {{McKernan}, B. and {Ford}, K.~E.~S. and {Callister}, T. and {Farr}, W.~M. and {O'Shaughnessy}, R. and {Smith}, R. and {Thrane}, E. and {Vajpeyi}, Avi},
        title = "{LIGO--Virgo correlations between mass ratio and effective inspiral spin: testing the active galactic nuclei channel}",
      journal = {arXiv e-prints},
     keywords = {Astrophysics - High Energy Astrophysical Phenomena, Astrophysics - Astrophysics of Galaxies},
         year = 2021,
        month = jul,
        %   eid = {arXiv:2107.07551},
        % pages = {arXiv:2107.07551},
archivePrefix = {arXiv},
       eprint = {2107.07551},
 primaryClass = {astro-ph.HE},
       adsurl = {https://ui.adsabs.harvard.edu/abs/2021arXiv210707551M},
      adsnote = {Provided by the SAO/NASA Astrophysics Data System}
}

@ARTICLE{Bustillo:2021:PhRvL,
       author = {{Bustillo}, Juan Calder{\'o}n and {Sanchis-Gual}, Nicolas and {Torres-Forn{\'e}}, Alejandro and {Font}, Jos{\'e} A. and {Vajpeyi}, Avi and {Smith}, Rory and {Herdeiro}, Carlos and {Radu}, Eugen and {Leong}, Samson H.~W.},
        title = "{GW190521 as a Merger of Proca Stars: A Potential New Vector Boson of 8.7 {\texttimes}10$^{-13}$ eV}",
      journal = {\prl},
     keywords = {General Relativity and Quantum Cosmology, Astrophysics - High Energy Astrophysical Phenomena, High Energy Physics - Phenomenology},
         year = 2021,
        month = feb,
       volume = {126},
       number = {8},
          eid = {081101},
        pages = {081101},
          doi = {10.1103/PhysRevLett.126.081101},
archivePrefix = {arXiv},
       eprint = {2009.05376},
 primaryClass = {gr-qc},
       adsurl = {https://ui.adsabs.harvard.edu/abs/2021PhRvL.126h1101B},
      adsnote = {Provided by the SAO/NASA Astrophysics Data System}
}

@ARTICLE{Smith:2020:MNRAS,
       author = {{Smith}, Rory J.~E. and {Ashton}, Gregory and {Vajpeyi}, Avi and {Talbot}, Colm},
        title = "{Massively parallel Bayesian inference for transient gravitational-wave astronomy}",
      journal = {\mnras},
     keywords = {gravitational waves, methods: data analysis, General Relativity and Quantum Cosmology, Astrophysics - Instrumentation and Methods for Astrophysics},
         year = 2020,
        month = nov,
       volume = {498},
       number = {3},
        pages = {4492-4502},
          doi = {10.1093/mnras/staa2483},
archivePrefix = {arXiv},
       eprint = {1909.11873},
 primaryClass = {gr-qc},
       adsurl = {https://ui.adsabs.harvard.edu/abs/2020MNRAS.498.4492S},
      adsnote = {Provided by the SAO/NASA Astrophysics Data System}
}

@ARTICLE{Isi:2018:PhRvD,
       author = {{Isi}, Maximiliano and {Smith}, Rory and {Vitale}, Salvatore and {Massinger}, T.~J. and {Kanner}, Jonah and {Vajpeyi}, Avi},
        title = "{Enhancing confidence in the detection of gravitational waves from compact binaries using signal coherence}",
      journal = {\prd},
     keywords = {General Relativity and Quantum Cosmology, Astrophysics - High Energy Astrophysical Phenomena, Physics - Data Analysis, Statistics and Probability},
         year = 2018,
        month = aug,
       volume = {98},
       number = {4},
          eid = {042007},
        pages = {042007},
          doi = {10.1103/PhysRevD.98.042007},
archivePrefix = {arXiv},
       eprint = {1803.09783},
 primaryClass = {gr-qc},
       adsurl = {https://ui.adsabs.harvard.edu/abs/2018PhRvD..98d2007I},
      adsnote = {Provided by the SAO/NASA Astrophysics Data System}
}



@ARTICLE{Romero-Shaw:2020:MNRAS,
       author = {{Romero-Shaw}, I.~M. and et al., and {Vajpeyi}, Avi},
        title = "{Bayesian inference for compact binary coalescences with BILBY: validation and application to the first LIGO-Virgo gravitational-wave transient catalogue}",
      journal = {\mnras},
     keywords = {gravitational waves, methods: data analysis, stars: neutron, stars: black holes, transients: black hole mergers, transients: neutron star mergers, Astrophysics - Instrumentation and Methods for Astrophysics, General Relativity and Quantum Cosmology},
         year = 2020,
        month = dec,
       volume = {499},
       number = {3},
        pages = {3295-3319},
          doi = {10.1093/mnras/staa2850},
archivePrefix = {arXiv},
       eprint = {2006.00714},
 primaryClass = {astro-ph.IM},
       adsurl = {https://ui.adsabs.harvard.edu/abs/2020MNRAS.499.3295R},
      adsnote = {Provided by the SAO/NASA Astrophysics Data System}
}
