@article{isi2018enhancing,
  title={Enhancing confidence in the detection of gravitational waves from compact binaries using signal coherence},
  author={Isi, Maximiliano and Smith, Rory and Vitale, Salvatore and Massinger, TJ and Kanner, Jonah and Vajpeyi, Avi},
  journal={Physical Review D},
  volume={98},
  number={4},
  pages={042007},
  year={2018},
  publisher={American Physical Society}
}

@article{romero2020bayesian,
  title={Bayesian inference for compact binary coalescences with BILBY: Validation and application to the first LIGO--Virgo gravitational-wave transient catalogue},
  author={Romero-Shaw, IM and Talbot, C and Biscoveanu, S and Dâ€™Emilio, V and Ashton, G and Berry, CPL and Coughlin, S and Galaudage, S and Hoy, C and H{\"u}bner, M and others},
  journal={Monthly Notices of the Royal Astronomical Society},
  volume={499},
  number={3},
  pages={3295--3319},
  year={2020},
  publisher={Oxford University Press}
}

@article{smith2020massively,
  title={Massively parallel Bayesian inference for transient gravitational-wave astronomy},
  author={Smith, Rory JE and Ashton, Gregory and Vajpeyi, Avi and Talbot, Colm},
  journal={Monthly Notices of the Royal Astronomical Society},
  volume={498},
  number={3},
  pages={4492--4502},
  year={2020},
  publisher={Oxford University Press}
}

@article{bustillo2021gw190521,
  title={GW190521 as a Merger of Proca Stars: A Potential New Vector Boson of 8.7$\times$ 10- 13 eV},
  author={Bustillo, Juan Calder{\'o}n and Sanchis-Gual, Nicolas and Torres-Forn{\'e}, Alejandro and Font, Jos{\'e} A and Vajpeyi, Avi and Smith, Rory and Herdeiro, Carlos and Radu, Eugen and Leong, Samson HW},
  journal={Physical Review Letters},
  volume={126},
  number={8},
  pages={081101},
  year={2021},
  publisher={American Physical Society}
}

@article{vajpeyi2021measuring,
  title={Measuring the properties of active galactic nuclei disks with gravitational waves},
  author={Vajpeyi, Avi and Thrane, Eric and Smith, Rory and McKernan, Barry and Ford, KE},
  journal={arXiv preprint arXiv:2111.03992},
  year={2021}
}

@article{vajpeyi2021search,
  title={A search for intermediate-mass black holes mergers in the second LIGO--Virgo observing run with the Bayes Coherence Ratio},
  author={Vajpeyi, Avi and Smith, Rory and Thrane, Eric and Ashton, Gregory and Alford, Thomas and Garza, Sierra and Isi, Maximiliano and Kanner, Jonah and Massinger, TJ and Xiao, Liting},
  journal={arXiv preprint arXiv:2107.12109},
  year={2021}
}

@article{mckernan2021ligo,
  title={LIGO--Virgo correlations between mass ratio and effective inspiral spin: testing the active galactic nuclei channel},
  author={McKernan, B and Ford, KES and Callister, T and Farr, WM and O'Shaughnessy, R and Smith, R and Thrane, E and Vajpeyi, A},
  journal={arXiv preprint arXiv:2107.07551},
  year={2021}
}